[gd_scene load_steps=6 format=2]

[ext_resource path="res://Assets/Fonts/02_APompadourTextSample.otf" type="DynamicFontData" id=1]
[ext_resource path="res://Assets/theme.tres" type="Theme" id=2]
[ext_resource path="res://Src/Misc/Volver.tscn" type="PackedScene" id=3]
[ext_resource path="res://Src/Misc/BpmSelect.gd" type="Script" id=4]

[sub_resource type="DynamicFont" id=1]
size = 36
font_data = ExtResource( 1 )

[node name="BpmSelect" type="Node"]
script = ExtResource( 4 )

[node name="ColorRect" type="ColorRect" parent="."]
anchor_right = 0.9995
anchor_bottom = 1.0048
margin_right = 0.32
__meta__ = {
"_edit_use_anchors_": true
}

[node name="Label" type="Label" parent="."]
anchor_left = 0.15
anchor_top = 0.1536
anchor_right = 0.8495
anchor_bottom = 0.2558
margin_right = 0.32
margin_bottom = 0.249999
custom_fonts/font = SubResource( 1 )
custom_colors/font_color = Color( 0, 0, 0, 1 )
text = "Seleccione:"
align = 1
valign = 1
__meta__ = {
"_edit_use_anchors_": true
}

[node name="Volver" parent="." instance=ExtResource( 3 )]
anchor_left = 0.1
anchor_top = 0.0510464
anchor_right = 0.33775
anchor_bottom = 0.100736

[node name="40bpm" type="Button" parent="."]
anchor_left = 0.2
anchor_top = 0.3584
anchor_right = 0.80025
anchor_bottom = 0.4608
margin_right = -0.160001
theme = ExtResource( 2 )
text = "40bpm"
__meta__ = {
"_edit_use_anchors_": true
}

[node name="45bpm" type="Button" parent="."]
anchor_left = 0.2
anchor_top = 0.5632
anchor_right = 0.80025
anchor_bottom = 0.6656
margin_right = -0.160001
theme = ExtResource( 2 )
text = "45bpm"
__meta__ = {
"_edit_use_anchors_": true
}

[node name="50bpm" type="Button" parent="."]
anchor_left = 0.2
anchor_top = 0.768
anchor_right = 0.80025
anchor_bottom = 0.8704
margin_right = -0.160001
theme = ExtResource( 2 )
text = "50bpm"
__meta__ = {
"_edit_use_anchors_": true
}

[connection signal="pressed" from="40bpm" to="." method="_on_bpm_pressed" binds= [ 40 ]]
[connection signal="pressed" from="45bpm" to="." method="_on_bpm_pressed" binds= [ 45 ]]
[connection signal="pressed" from="50bpm" to="." method="_on_bpm_pressed" binds= [ 50 ]]
